@book{ggems1,
  author =       {Glassner, Andrew S.},
  title =        {Graphics Gems},
  note =         {Gla A 98:1 1.Ex},
  year =         1998,
  publisher =    {Academic Press},
  isbn =         {0-12-286166-3},
}

@book{ggems3,
  author =       {David Kirk},
  title =        {Graphics Gems III},
  year =         1992,
  isbn =         0124096700,
  publisher =    {Academic Press, Inc.},
  address =      {Orlando, FL, USA},
}

@misc{mdla,
  author =       {Cornell University Program of Computer Graphics},
  title =        {The {MDL} File Format},
  note =         {Disponible en
                  \url{http://www.graphics.cornell.edu/online/formats/mdl/}}
}

@misc{cornellboxdata,
  author =       {Cornell University Program of Computer Graphics},
  title =        {Cornell Box Data },
  note =         {Disponible en
                  \url{http://www.graphics.cornell.edu/online/box/data.html}}
}

@book{Watt92,
      AUTHOR      = {Watt, Alan H. and Watt, Mark and Watt, Alan},
      TITLE       = {Advanced Animation and Rendering Techniques: Theory and Practice},
      NOTE        = {WAT a 92:1 1.Ex},
      YEAR        = {1992},
      PUBLISHER   = {ACM},
      ISBN        = {0201544121},
      SERIES      = {},
}

@inproceedings{cohen,
  author =       {Michael F. Cohen and Shenchang Eric Chen and John
                  R. Wallace and Donald P. Greenberg},
  title =        {A progressive refinement approach to fast radiosity
                  image generation},
  booktitle =    {SIGGRAPH '88: Proceedings of the 15th annual
                  conference on Computer graphics and interactive
                  techniques},
  year =         1988,
  isbn =         {0-89791-275-6},
  pages =        {75--84},
  doi =          {http://doi.acm.org/10.1145/54852.378487},
  publisher =    {ACM Press},
  address =      {New York, NY, USA},
}

@inproceedings{cohen85,
  author =       {Michael F. Cohen and Donald P. Greenberg},
  title =        {The hemi-cube: a radiosity solution for complex
                  environments},
  booktitle =    {SIGGRAPH '85: Proceedings of the 12th annual
                  conference on Computer graphics and interactive
                  techniques},
  year =         1985,
  isbn =         {0-89791-166-0},
  pages =        {31--40},
  doi =          {http://doi.acm.org/10.1145/325334.325171},
  publisher =    {ACM Press},
  address =      {New York, NY, USA},
}
                  
@article{tumblin,
  author =       "Jack Tumblin and Jessica K Hodgins and Brian
                  K. Guenter",
  title =        "Two methods for display of high contrast images",
  journal =      "ACM Trans. Graph.",
  year =         "1999",
  volume =       "18",
  number =       "1",
  pages =        "56 - 94"
}

@inproceedings{goral84,
  author =       {Cindy M. Goral and Kenneth E. Torrance and Donald
                  P. Greenberg and Bennett Battaile},
  title =        {Modeling the interaction of light between diffuse
                  surfaces},
  booktitle =    {SIGGRAPH '84: Proceedings of the 11th annual
                  conference on Computer graphics and interactive
                  techniques},
  year =         {1984},
  isbn =         {0-89791-138-5},
  pages =        {213--222},
  doi =          {http://doi.acm.org/10.1145/800031.808601},
  publisher =    {ACM Press},
  address =      {New York, NY, USA},
}


@article{alias1,
  author =       {Franklin C. Crow},
  title =        {The aliasing problem in computer-generated shaded
                  images},
  journal =      {Commun. ACM},
  volume =       {20},
  number =       {11},
  year =         {1977},
  issn =         {0001-0782},
  pages =        {799--805},
  doi =          {http://doi.acm.org/10.1145/359863.359869},
  publisher =    {ACM Press},
  address =      {New York, NY, USA},
}

@book{redbook,
  author =       {Mason Woo and Davis and Mary Beth Sheridan},
  title =        {OpenGL Programming Guide: The Official Guide to
                  Learning OpenGL, Version 1.2},
  year =         1999,
  isbn =         0201604582,
  publisher =    {Addison-Wesley Longman Publishing Co., Inc.},
  address =      {Boston, MA, USA},
}

@inproceedings{accum,
  author =       {Paul Haeberli and Kurt Akeley},
  title =        {The accumulation buffer: hardware support for
                  high-quality rendering},
  booktitle =    {SIGGRAPH '90: Proceedings of the 17th annual
                  conference on Computer graphics and interactive
                  techniques},
  year =         1990,
  isbn =         {0-201-50933-4},
  pages =        {309--318},
  location =     {Dallas, TX, USA},
  doi =          {http://doi.acm.org/10.1145/97879.97913},
  publisher =    {ACM Press},
  address =      {New York, NY, USA},
}
